@inproceedings{source_accountability,
    author    = "T. Lee, C. Pappas, D. Barrera, P. Szalachowski, A. Perrig,",
    title     = "{Source Accountability with Domain-brokered Privacy}",
    year      = "2016",
    booktitle = "Proceedings of the ACM Conference on emerging Networking Experiments and Technologies (CoNEXT)"
}

@inproceedings{aip,
    author    = "D. G. Andersen, H. Balakrishnan, N. Feamster, T. Koponen, D. Moon, and S. Shenker.",
    title     = "{Accountable Internet Protocol (AIP)}",
    year      = "2008",
    booktitle = "Proceedings of the ACM Conference on SIGCOMM",
}

@inproceedings{apip,
    author    = "David Naylor, Matthew K. Mukerjee and Peter Steenkiste",
    title     = "{Balancing Accountability and Privacy in the Network}",
    year      = "2014",
    booktitle = "Proceedings of the ACM Conference on SIGCOMM",
}

@inproceedings{curve25519,
    author    = "D. J. Bernstein",
    title     = "{Curve25519: new Diffie-Hellman speed record}",
    year      = "2006",
    booktitle = "Public Key Cryptography (PKC). Springer",
}

 @techreport{rfc3602,
   AUTHOR = "S. Frankel, R. Glenn, and S. Kelly",
   TITLE = "{The AES-CBC Cipher Algorithm and Its Use with IPsec}",
   TYPE="{RFC}",
   NUMBER=3602,
   YEAR = {2003},
   MONTH = {September},
}

@techreport{quic,
   AUTHOR = "J. Iyengar, and M. Thomson",
   TITLE = "{QUIC: A UDP-Based Multiplexed and Secure Transport}",
   TYPE="{RFC}",
   YEAR = {2018},
   MONTH = {August},
}

@techreport{tls,
   AUTHOR = "T. Dierks, and E. Rescorla",
   TITLE = "{The Transport Layer Security (TLS) Protocol}",
   TYPE="{RFC}",
   NUMBER=5246,
   YEAR = {2008},
   MONTH = {August},
}

 @techreport{siphash,
   AUTHOR = "J. Aumasson and D. Bernstein",
   TITLE = "{SipHash: a fast short-input PRF}",
   YEAR = {2012},
   MONTH = {September},
}

 @techreport{wireguard,
   AUTHOR = "Jason A. Donenfeld",
   TITLE = "{WireGuard: Next Generation Kernel Network Tunnel}",
   YEAR = {2017},
   MONTH = {September},
}

@article{scion_cacm_2017,
    author  = {David Barrera and Laurent Chuat and Adrian Perrig and Raphael M. Reischuk and Pawel Szalachowski},
    title   = {The SCION Internet Architecture},
    url = {/publications/papers/SCION-CACM.pdf},
    journal = {Communications of the ACM},
    year    = 2017,
    month   = {June},
    keywords = {scion},
    volume = {60},
    number = {6},
    pages = {56--65},
    doi = {10.1145/3085591},
    note = {Preprint}
}

@book{PeSzReCh2017,
    author = {Adrian Perrig and Pawel Szalachowski and Raphael M. Reischuk and Laurent Chuat},
    title = {SCION: A Secure Internet Architecture},
    url = {/publications/papers/SCION-book.pdf},
    publisher = {Springer International Publishing AG},
    year = {2017},
    doi = {10.1007/978-3-319-67080-5},
    isbn = {978-3-319-67079-9},
    comment = {Book},
    keywords = {scion}
}

@inproceedings{scionfwd,
    title={{Source-Based Path Selection: The Data Plane Perspective}},
    author={Lee, Taeho and Pappas, Christos and Basescu, Cristina and Han, Jun and Hoefler, Torsten and Perrig, Adrian},
    booktitle={Proceedings of the {ACM} Conference on Future Internet Technologies (CFI)},
    year=2015,
    month=jun,
    url = {/publications/papers/scion_fwd_cfi2015.pdf},
}

@phdthesis{taeho_thesis,
	author		= "Lee, Tae-Ho",
	title		= "{Towards an Accountable and Private Internet}",
	school		= "ETH Zurich",
	year		= "2017",
}